@article{Abadi1991,
	author={Abadi, Mart\'{\i}n and Cardelli, Luca and Pierce, Benjamin and Plotkin, Gordon},
	title={Dynamic Typing in a Statically Typed Language},
	journal={ACM Transactions on Programming Languages and Systems},
	year=1991,
	volume=13,
	number=2,
	pages={237--268}
}

@article{Abadi1995,
	author={Abadi, Mart\'{\i}n and Cardelli, Luca and Pierce, Benjamin and R\'emy, Didier},
	title={Dynamic Typing in Polymorphic Languages},
	journal={Journal of Functional Programming},
	number=1,
	volume=5,
	pages={92--103},
	year=1995
}

@report{CleanLang,
	author={Plasmeijer, Rinus and {van Eekelen}, Marko and {van Groningen}, John},
	title={Clean 2.2 Language Report},
	url={http://clean.cs.ru.nl/download/doc/CleanLangRep.2.2.pdf},
	year=2011
}

@inproceedings{Jansen2006,
	author={Jansen, J. M. and Koopman, P. and Plasmeijer, R.},
	title={Efficient interpretation by transforming data types and patterns to functions},
	booktitle={Proc. Seventh Symposium on Trends in Functional Programming (TFP 2006)},
	pages={73--90},
	year=2006
}

@article{Leroy1993,
	author={Leroy, Xavier and Mauny, Michel},
	journal={Journal of Functional Programming},
	number=4,
	pages={431--463},
	title={Dynamics in ML},
	volume=3,
	year=1993
}

@phdthesis{VanNoort2012,
	author={Thomas {Van Noort}},
	title={Dynamic Typing in Type-Driven Programming},
	institution={Radboud University Nijmegen},
	year=2012
}

@inproceedings{Pil1998,
	author={Pil, M. R. C.},
	title={Dynamic types and type dependent functions},
	booktitle={Proc. of Implementation of Functional Languages (IFL '98)},
	pages={169--185},
	year=1998
}

@inproceedings{Plasmeijer2008,
	author={Plasmeijer, R. and Jansen, J. M. and Koopman, P. and Achten, P.},
	title={Declarative Ajax and client side evaluation of workflows using iTasks},
	booktitle={10th International ACM SIGPLAN Symposium on Principles and Practice of Declarative Programming (PPDP '08)},
	pages={56--66},
	year=2008
}

@inproceedings{Vervoort2002,
	author={Vervoort, M. and Plasmeijer, R.},
	title={Lazy Dynamic Input/Output in the Lazy Functional Language Clean},
	booktitle={Implementation of Functional Languages, 14th International Workshop, IFL 2002},
	pages={101--117},
	year=2002
}
